<record><leader>00000cas a22000007a 4500</leader><controlfield tag="001">25486561</controlfield><controlfield tag="008">920317d19321968ncuwr n       0    0eng d</controlfield><datafield ind1=" " ind2=" " tag="010"><subfield code="a">sn 92073966 </subfield></datafield><datafield ind1=" " ind2=" " tag="040"><subfield code="a">NVJ</subfield><subfield code="b">eng</subfield><subfield code="c">NVJ</subfield><subfield code="d">OCLCQ</subfield></datafield><datafield ind1=" " ind2=" " tag="042"><subfield code="a">msc</subfield></datafield><datafield ind1="0" ind2="4" tag="245"><subfield code="a">The Franklin press and the Highlands Maconian.</subfield></datafield><datafield ind1="3" ind2="0" tag="246"><subfield code="a">Highlands Maconian</subfield></datafield><datafield ind1=" " ind2=" " tag="260"><subfield code="a">Franklin, N.C. :</subfield><subfield code="b">Franklin Press</subfield></datafield><datafield ind1=" " ind2=" " tag="300"><subfield code="a">v.</subfield></datafield><datafield ind1=" " ind2=" " tag="310"><subfield code="a">Weekly</subfield></datafield><datafield ind1="0" ind2=" " tag="362"><subfield code="a">Vol. 47, no. 18 (May 5, 1932)-82nd year, no. 11 (Mar. 14, 1968).</subfield></datafield><datafield ind1=" " ind2=" " tag="752"><subfield code="a">United States</subfield><subfield code="b">North Carolina</subfield><subfield code="c">Macon</subfield><subfield code="d">Franklin.</subfield></datafield><datafield ind1="0" ind2="4" tag="780"><subfield code="t">Franklin press (Franklin, N.C. : 1888)</subfield><subfield code="w">(DLC)sn 92074069</subfield></datafield><datafield ind1="0" ind2="4" tag="780"><subfield code="t">Highlands Maconian</subfield><subfield code="w">(DLC)sn 94058266</subfield></datafield><datafield ind1="0" ind2="0" tag="785"><subfield code="t">Franklin press (Franklin, N.C. : 1968)</subfield><subfield code="w">(DLC)sn 92074070</subfield></datafield></record>